@book{koza92,
		author    = "Koza, John R.",
		title     = "Genetic Programming: On the Programming of Computers by Means of Natural Selection",
		publisher = "MIT Press",
		year      = "1992"
}


@misc{ wiki:latex,
       author = "Wikipedia",
       title = "LaTeX --- Wikipedia{,} La enciclopedia libre",
       year = "2015",
       url = "https://es.wikipedia.org/w/index.php?title=LaTeX&oldid=84209252",
       note = "[Internet; descargado 30-septiembre-2015]"
}
@misc{azureMainPage,
author="Microsoft",
title="Microsoft Azure",
year="2023",
url="https://azure.microsoft.com/es-es/free/search/?ef_id=_k_CjwKCAjwyqWkBhBMEiwAp2yUFnM3sA9L_keXPyl1dobaZl2moxsC_rf4x5HymLUwzRim9tXwwlYnqxoCdMIQAvD_BwE_k_&OCID=AIDcmm68ejnsa0_SEM__k_CjwKCAjwyqWkBhBMEiwAp2yUFnM3sA9L_keXPyl1dobaZl2moxsC_rf4x5HymLUwzRim9tXwwlYnqxoCdMIQAvD_BwE_k_&gclid=CjwKCAjwyqWkBhBMEiwAp2yUFnM3sA9L_keXPyl1dobaZl2moxsC_rf4x5HymLUwzRim9tXwwlYnqxoCdMIQAvD_BwE",
note="[Página principal de Microsoft Azure]"
}
@misc{azureUBU,
author="Universidad de Burgos",
title="Azure for Education - Universidad de Burgos",
year="2020",
url="https://www.ubu.es/servicio-de-informatica-y-comunicaciones/catalogo-de-servicios/software-tu-disposicion/software-disposicion-de-la-comunidad-universitaria/programa-de-software-gratuito-microsoft",
note="[Página de acceso al enlace de Azure for Education]"
}
@misc{azureEDU,
author="Microsoft",
title="Azure for Education",
year="2023",
url="https://azureforeducation.microsoft.com/es-es/Institutions",
note="[Página principal de Azure for Education]"
}
@misc{MicrosoftLearn,
author="Microsoft",
title="Microsoft Learn",
year="2023",
url="https://learn.microsoft.com/es-es/",
note="[Página oficial de Microsoft Learn]"
}
@misc{AndroidStudioWiki,
author="Wikipedia",
title="Android Studio",
year="2023",
url="https://es.wikipedia.org/wiki/Android_Studio",
note="[Artículo de Wikipedia sobre Android Studio]"}

@misc{vs2022,
author="Microsoft",
title="Visual Studio",
year="2023",
url="https://visualstudio.microsoft.com/es/vs/",
note="[Página oficial de Visual Studio]"}

@misc{vs2022LearnCar,
author="Microsoft Learn",
title="Características de Visual Studio",
year="2023",
url="https://learn.microsoft.com/es-es/visualstudio/ide/advanced-feature-overview?view=vs-2022",
note="[Características de Visual Studio]"}

@misc{vs2022Learn,
author="Microsoft Learn",
title="¿Qué es Visual Studio?",
year="2023",
url="https://learn.microsoft.com/es-es/visualstudio/get-started/visual-studio-ide?view=vs-2022",
note="[¿Qué es Visual Studio?]"}

@misc{JavaWiki,
author="Wikipedia",
title="Java",
year="2023",
url="hhttps://es.wikipedia.org/wiki/Java_(lenguaje_de_programaci%C3%B3n)",
note="[Artículo de Wikipedia sobre Java]"}

@misc{OKHttp,
author="Block Inc",
title="OKHttp",
year="2023",
url="https://square.github.io/okhttp/",
note="[Artículo de Wikipedia sobre Java]"}

@misc{Retrofit,
author="Wikipedia",
title="Java",
year="2023",
url="https://square.github.io/retrofit/",
note="[Artículo de Wikipedia sobre Java]"}



@misc{CSharp,
author="Wikipedia",
title="Java",
year="2023",
url="https://es.wikipedia.org/wiki/C_Sharp",
note="[Artículo de Wikipedia sobre C Sharp]"}

@misc{ASP.NET,
author="Microsoft Learn",
title="Información sobre ASP.NET Core",
year="2023",
url="https://learn.microsoft.com/es-es/aspnet/core/introduction-to-aspnet-core?view=aspnetcore-7.0",
note="[Información sobre ASP.NET Core]"
}

@misc{AzureSQL,
author="Microsoft",
title="Azure SQL",
year="2023",
url="https://learn.microsoft.com/es-es/azure/azure-sql/database/sql-database-paas-overview?view=azuresql0",
note="[Azure SQL]"
}

@misc{Kanban,
author="kanbanize.es",
title="¿Qué es Kanban? Explicación para principiantes",
year="2023",
url="https://kanbanize.com/es/recursos-de-kanban/primeros-pasos/que-es-kanban",
note="[¿Qué es Kanban? Explicación para principiantes]"

}

@misc{Cities,
author="INE",
title="Relación de municipios y sus códigos por provincias. Últimos datos",
year="2023",
url="https://www.ine.es/dyngs/INEbase/es/operacion.htm?c=Estadistica_C&cid=1254736177031&menu=ultiDatos&idp=1254734710990",
note="[Relación de municipios y sus códigos por provincias. Últimos datos]"

}

@article{bortolot2005,
  title={Estimating forest biomass using small footprint LiDAR data: An individual tree-based approach that incorporates training data},
  author={Bortolot, Zachary J and Wynne, Randolph H},
  journal={ISPRS Journal of Photogrammetry and Remote Sensing},
  volume={59},
  number={6},
  pages={342--360},
  year={2005},
  publisher={Elsevier}
}

