@book{koza92,
		author    = "Koza, John R.",
		title     = "Genetic Programming: On the Programming of Computers by Means of Natural Selection",
		publisher = "MIT Press",
		year      = "1992"
}


@misc{ wiki:latex,
       author = "Wikipedia",
       title = "LaTeX --- Wikipedia{,} La enciclopedia libre",
       year = "2015",
       url = "https://es.wikipedia.org/w/index.php?title=LaTeX&oldid=84209252",
       note = "[Internet; descargado 30-septiembre-2015]"
}
@misc{azureMainPage,
author="Microsoft",
title="Microsoft Azure",
year="2023",
url="https://azure.microsoft.com/es-es/free/search/?ef_id=_k_CjwKCAjwyqWkBhBMEiwAp2yUFnM3sA9L_keXPyl1dobaZl2moxsC_rf4x5HymLUwzRim9tXwwlYnqxoCdMIQAvD_BwE_k_&OCID=AIDcmm68ejnsa0_SEM__k_CjwKCAjwyqWkBhBMEiwAp2yUFnM3sA9L_keXPyl1dobaZl2moxsC_rf4x5HymLUwzRim9tXwwlYnqxoCdMIQAvD_BwE_k_&gclid=CjwKCAjwyqWkBhBMEiwAp2yUFnM3sA9L_keXPyl1dobaZl2moxsC_rf4x5HymLUwzRim9tXwwlYnqxoCdMIQAvD_BwE",
note="[Página principal de Microsoft Azure]"
}
@misc{azureUBU,
author="Universidad de Burgos",
title="Azure for Education - Universidad de Burgos",
year="2020",
url="https://www.ubu.es/servicio-de-informatica-y-comunicaciones/catalogo-de-servicios/software-tu-disposicion/software-disposicion-de-la-comunidad-universitaria/programa-de-software-gratuito-microsoft",
note="[Página de acceso al enlace de Azure for Education]"
}
@misc{azureEDU,
author="Microsoft",
title="Azure for Education",
year="2023",
url="https://azureforeducation.microsoft.com/es-es/Institutions",
note="[Página principal de Azure for Education]"
}
@misc{MicrosoftLearn,
author="Microsoft",
title="Microsoft Learn",
year="2023",
url="https://learn.microsoft.com/es-es/",
note="[Página oficial de Microsoft Learn]"
}
@misc{AndroidStudioWiki,
author="Wikipedia",
title="Android Studio",
year="2023",
url="https://es.wikipedia.org/wiki/Android_Studio",
note="[Artículo de Wikipedia sobre Android Studio]"}

@misc{vs2022,
author="Microsoft",
title="Visual Studio",
year="2023",
url="https://visualstudio.microsoft.com/es/vs/",
note="[Página oficial de Visual Studio]"}

@misc{vs2022LearnCar,
author="Microsoft Learn",
title="Características de Visual Studio",
year="2023",
url="https://learn.microsoft.com/es-es/visualstudio/ide/advanced-feature-overview?view=vs-2022",
note="[Características de Visual Studio]"}

@misc{vs2022Learn,
author="Microsoft Learn",
title="¿Qué es Visual Studio?",
year="2023",
url="https://learn.microsoft.com/es-es/visualstudio/get-started/visual-studio-ide?view=vs-2022",
note="[¿Qué es Visual Studio?]"}

@misc{JavaWiki,
author="Wikipedia",
title="Java",
year="2023",
url="hhttps://es.wikipedia.org/wiki/Java_(lenguaje_de_programaci%C3%B3n)",
note="[Artículo de Wikipedia sobre Java]"}

@misc{OKHttp,
author="Block Inc",
title="OKHttp",
year="2023",
url="https://square.github.io/okhttp/",
note="[Artículo de Wikipedia sobre Java]"}

@misc{Retrofit,
author="Wikipedia",
title="Java",
year="2023",
url="https://square.github.io/retrofit/",
note="[Artículo de Wikipedia sobre Java]"}



@misc{CSharp,
author="Wikipedia",
title="Java",
year="2023",
url="https://es.wikipedia.org/wiki/C_Sharp",
note="[Artículo de Wikipedia sobre C Sharp]"}

@misc{ASP.NET,
author="Microsoft Learn",
title="Información sobre ASP.NET Core",
year="2023",
url="https://learn.microsoft.com/es-es/aspnet/core/introduction-to-aspnet-core?view=aspnetcore-7.0",
note="[Información sobre ASP.NET Core]"
}

@misc{AzureSQL,
author="Microsoft",
title="Azure SQL",
year="2023",
url="https://learn.microsoft.com/es-es/azure/azure-sql/database/sql-database-paas-overview?view=azuresql0",
note="[Azure SQL]"
}

@misc{Kanban,
author="kanbanize.es",
title="¿Qué es Kanban? Explicación para principiantes",
year="2023",
url="https://kanbanize.com/es/recursos-de-kanban/primeros-pasos/que-es-kanban",
note="[¿Qué es Kanban? Explicación para principiantes]"

}


@article{bortolot2005,
  title={Estimating forest biomass using small footprint LiDAR data: An individual tree-based approach that incorporates training data},
  author={Bortolot, Zachary J and Wynne, Randolph H},
  journal={ISPRS Journal of Photogrammetry and Remote Sensing},
  volume={59},
  number={6},
  pages={342--360},
  year={2005},
  publisher={Elsevier}
}

@misc{asynctask,
author="Google",
title="Asynctask",
url="https://developer.android.com/reference/android/os/AsyncTask"
}

@misc{xwpf,
author="Apache POI",
title="XWPFDocument",
url="https://poi.apache.org/apidocs/dev/org/apache/poi/xwpf/usermodel/XWPFDocument.html"}


@book{gómez2009trastornos,
  title={Trastornos del espectro autista y calidad de vida: gu{\'\i}a de indicadores para evaluar organizaciones y servicios},
  author={G{\'o}mez, J.L.C.},
  isbn={9788471337818},
  lccn={2009501367},
  series={Aula abierta / Editorial La Muralla},
  url={https://books.google.es/books?id=vJpbNzvbW-EC},
  year={2009},
  publisher={Editorial La Muralla}
}

@misc{innovaciondigital360SistemasExpertos,
	author = {https://www.innovaciondigital360.com/periodista/equipo-editorial/},
	title = {{S}istemas expertos: {G}uía completa actualizada --- innovaciondigital360.com},
	howpublished = {\url{https://www.innovaciondigital360.com/i-a/sistemas-expertos-que-son-su-clasificacion-como-funcionan-y-para-que-se-utilizan/}},
	year = {}
}

@misc{githubGitHubNatario1ZoomLayout,
	author = {},
	title = {{G}it{H}ub - natario1/{Z}oom{L}ayout: 2{D} zoom and pan behavior for {V}iew hierarchies, images, video streams, and much more, written in {K}otlin for {A}ndroid. --- github.com},
	howpublished = {\url{https://github.com/natario1/ZoomLayout}},
	year = {}
}

@misc{apacheXWPFDocumentPOI,
	author = {},
	title = {{X}{W}{P}{F}{D}ocument ({P}{O}{I} {A}{P}{I} {D}ocumentation) --- poi.apache.org},
	howpublished = {\url{https://poi.apache.org/apidocs/dev/org/apache/poi/xwpf/usermodel/XWPFDocument.html}},
	year = {}
}

@misc{githubGitHubAminographyPrimeCalendar,
	author = {},
	title = {{G}it{H}ub - aminography/{P}rime{C}alendar: {P}rime{C}alendar provides all of the java.util.{C}alendar functionalities for {P}ersian, {H}ijri, and ... dates. {I}t is also possible to convert dates to each other. --- github.com},
	howpublished = {\url{https://github.com/aminography/PrimeCalendar}},
	year = {},
	note = {[Accessed 07-07-2024]},
}

@misc{githubGitHubAminographyPrimeDatePicker,
	author = {},
	title = {{G}it{H}ub - aminography/{P}rime{D}ate{P}icker: {P}rime{D}ate{P}icker is a tool that provides picking a single day, multiple days, and a range of days. --- github.com},
	howpublished = {\url{https://github.com/aminography/PrimeDatePicker}},
	year = {}
}

@misc{guiaoteaadminHerramientaAdministracixF3n,
	author = {},
	title = {{H}erramienta de administración de usuarios de {G}uía {O}{T}{E}{A} --- guiaoteaadmin.azurewebsites.net},
	howpublished = {\url{https://guiaoteaadmin.azurewebsites.net/}},
	year = {}
}